2702 4422
461 303 464 308 Α
559 247 713 336 Epistola
738 245 795 312 iii.
1180 253 1221 316 ei

141 437 182 522 p]
207 419 433 496 'circulum'
472 405 528 490 nei
567 417 774 496 ambitum
815 423 860 494 ·4)
896 427 1141 506 protrnann
1173 427 1222 490 et

1 526 2 595 ἶ
139 540 392 620 promotum
425 534 471 606 iti)
494 525 629 592 ualde
656 533 693 594 et
722 528 763 590 iu
793 541 947 590 summo
975 523 1127 610 gradu:
1157 527 1221 594 hoe

136 643 211 723 ent,
245 632 345 702 valde
375 651 541 722 magnum.
584 627 646 694 Vel
685 648 788 694 neueu
828 625 999 694 verbali
1043 629 1101 696 nti
1135 651 1222 701 nen·

134 749 214 806 tem
249 757 367 808 meam
398 735 568 822 explicare
609 732 780 812 debuero,
836 731 964 800 notabit
1003 729 1097 798 radix
1142 733 1222 804 hane

113 850 277 926 motum,
297 846 412 935 quo'il
430 842 710 914 circumcirca
731 834 1120 924 iiprotrudimur,
1141 857 1225 924 quae

124 946 265 1038 ,adeunt
287 934 334 1020 mi
352 948 391 1010 iu
413 961 570 1008 summo
599 939 744 1028 gradu
789 941 965 1006 Breviter.
988 950 1063 1036 erp
1084 925 1227 1027 qudonn·

139 1071 206 1138 que
237 1049 332 1116 ruodo
362 1055 566 1134 speciatum,
600 1050 758 1132 importat
786 1051 924 1128 motum,
956 1047 1016 1132 qui
1048 1063 1070 1109 a
1099 1051 1138 1110 re
1171 1041 1226 1112 rel

7 1229 12 1238 .
137 1173 278 1240 perrona
306 1153 433 1240 aliqua,
478 1156 662 1238 nepimeuio
692 1155 790 1236 quoni
828 1147 983 1218 circulari
1011 1151 1228 1218 circumcirca

134 1255 243 1340 facto,
265 1256 331 1324 aliu
353 1262 480 1339 omnin,
515 1265 671 1342 tauquam
692 1259 801 1322 minuc
824 1257 1069 1336 convenientia,
1091 1257 1226 1320 amovet

131 1370 168 1429 ct
194 1361 378 1447 protrudit,
422 1379 550 1428 nummo
581 1359 714 1441 fervore
742 1365 778 1424 et
807 1364 940 1426 conatu:
969 1355 1003 1424 id
1030 1355 1118 1446 quod
1147 1355 1224 1424 locu

126 1469 317 1552 scripturae
340 1486 418 1530 mox
438 1461 631 1528 adducenda
653 1461 837 1548 probabunt
859 1464 1054 1528 ceriinnlme.
1103 1495 1107 1502 ·

1 1645 2 1650 ι
216 1567 301 1634 ilum
323 1571 412 1634 euim
433 1585 515 1646 vera
536 1585 652 1634 uocum
682 1564 776 1630 hebr.
801 1563 1041 1660 significatio„
1036 1561 1221 1652 ,hojunqne

1 1739 2 1742 ,
130 1659 329 1756 emphasin,
363 1691 428 1736 uon
458 1689 499 1734 ex
531 1667 606 1735 noia
641 1669 702 1734 hac
736 1668 909 1736 literarum
947 1667 1221 1756 contemplatione

133 1772 358 1866 etymologica
380 1776 476 1840 unice
499 1772 641 1840 derivari
663 1771 803 1858 debeat,
837 1778 884 1840 uti
908 1771 1039 1862 quidem
1061 1771 1220 1842 lectorum

1 1891 2 1896 ’
134 1897 279 1945 meorum
300 1876 432 1972 aliquos
454 1898 653 1965 persuasum
675 1879 800 1946 habere
823 1875 936 1964 video;
969 1877 1029 1946 ned
1051 1897 1092 1946 cr
1113 1883 1219 1948 couri·

130 1979 300 2058 dcrniione
322 1981 444 2049 valoris
462 1987 561 2051 iniiun
577 1982 842 2072 hieroglyphici,
864 1990 899 2050 et
921 2002 963 2048 ex
981 2004 1043 2052 unu
1063 1981 1220 2072 loquendi

104 2083 250 2179 Animul,
281 2093 396 2174 utpote
428 2092 484 2174 qui
506 2085 600 2155 colun
619 2085 818 2172 jochabet,
851 2089 1114 2176 nigrificaiiouen
1137 2083 1219 2158 illan

126 2187 300 2274 litorales,
322 2194 355 2258 in
369 2213 416 2279 ‚pa
439 2211 552 2260 omnen
577 2190 673 2256 valde
696 2191 884 2279 generales,
908 2191 1092 2280 applicandi
1115 2189 1219 2258 rehu·

7 2349 9 2356 ,
124 2293 385 2380 'denominandiq
410 2295 700 2383 quomodocunque
724 2295 806 2363 vult.
840 2293 940 2364 Proui
957 2295 1028 2382 J⁰am
1050 2297 1161 2362 monui
1183 2297 1219 2360 in

125 2394 188 2464 illa
208 2419 282 2466 mea
305 2399 526 2485 Genenil..
549 2399 584 2464 S.
608 2411 734 2486 capt.
757 2398 988 2487 aphorism.
1001 2407 1033 2464 2.
1060 2403 1116 2476 §.³
1136 2399 1219 2477 444.

123 2523 158 2588 p.
172 2511 221 2568 14.
238 2524 313 2590 neq.
341 2501 426 2570 iiiuc
448 2509 480 2569 in
504 2511 675 2590 praeacuti
697 2511 798 2575 etiam
821 2509 984 2598 negotio,
995 2505 1081 2580 vieta
1096 2497 1219 2586 literin,

124 2605 168 2674 ed
190 2627 288 2674 unum
309 2605 468 2693 loquendi
485 2609 639 2676 biblicum
661 2631 745 2678 nunc
767 2631 819 2678 rue
846 2615 1015 2676 concerto.

212 2707 358 2778 Adhibet
375 2729 455 2778 vero
471 2712 524 2777 hio
541 2712 696 2808 loquendi
716 2735 799 2784 osan
814 2713 957 2780 radicem
977 2715 1051 2803 uitii
1068 2713 1215 2796 primo,

123 2821 167 2882 iu
189 2815 345 2882 bouum
367 2807 552 2904 partem,
574 2822 617 2884 itn
639 2823 713 2886 eive
734 2819 836 2885 rebus
850 2820 924 2884 niun
946 2816 1110 2904 peracute,
1127 2831 1214 2900 quen

122 2925 260 2992 uotae.
263 2927 354 2988 nunt
384 2919 575 3010 dignitatis,
617 2925 818 2990 eminentiae
847 2930 882 2988 et
910 2919 1145 3008 perfectionis,
1177 2922 1216 2983 ut

122 3023 275 3112 reliqua
283 3029 410 3124 our-ula,
442 3026 485 3096 ab
514 3031 615 3114 ipris,
647 3025 795 3097 locorum
824 3023 998 3092 intervallo
1028 3023 1213 3116 disjuncta,

120 3127 299 3212 recodere,
341 3137 376 3198 et
413 3129 549 3196 honorio
580 3151 661 3216 ergo
702 3150 722 3194 o
753 3128 930 3218 longinquo
966 3151 1028 3200 ean
1058 3129 1214 3198 venerari

120 3227 273 3300 debcant.
318 3231 475 3300 Oetendit
504 3231 566 3300 hoc
583 3234 651 3302 uel
681 3239 798 3300 unione
830 3233 888 3302 ille
916 3233 1034 3317 locor,
1071 3240 1211 3300 vexator
1301 3243 1303 3248 '

36 3338 39 3342 ’
121 3334 164 3403 ab
190 3337 360 3420 omnibus,
400 3359 421 3403 a
449 3343 579 3406 nemine
613 3358 691 3406 uero
723 3337 931 3406 sufficienter
960 3337 1122 3408 hactenus
1156 3355 1213 3402 ex·

119 3445 270 3524 ponitus,
305 3437 507 3520 EanLXV,
531 3450 562 3507 5.
604 3444 657 3509 ubi
699 3449 809 3512 nescio
847 3449 922 3532 quia
955 3441 1211 3510 Pharinaeorum

122 3543 320 3614 Patriarcha
358 3553 393 3614 et
428 3545 636 3614 Antecesoor
670 3541 714 3624 vqd
752 3553 932 3642 proximum
971 3567 1067 3618 nuum
1109 3541 1210 3610 dieii·

120 3651 167 3742 ρ)
195 3647 393 3724 ambitum
425 3657 469 3731 ·ι)
482 3645 697 3730 extimum
727 3653 1084 3720 extremitatibus
1114 3649 1210 3716 tute

115 3752 164 3837 ιι)
185 3755 424 3839 ingredere,
452 3728 532 3848 'slis
561 3754 610 3820 ad
633 3764 674 3822 te
697 3759 838 3842 iprum
862 3753 1091 3828 accedeus:
1123 3743 1210 3840 quod

3 3901 5 3918 .
115 3855 263 3926 breviter
286 3859 449 3945 loquendo
472 3863 552 3942 ent,
561 3881 655 3926 marne
678 3858 763 3943 opud
786 3866 838 3926 44ι
863 3881 923 3926 uon
944 3857 1018 3937 iiiiii
1051 3855 1101 3922 ab
1129 3870 1209 3918 uuo

3 3975 4 4032 i
104 3955 279 4027 locoiu
293 3961 947 4028 aliumdeiiecteuamoueorie
970 3960 1207 4026 34ιιιιιιιι4-

3 4035 7 4124 l
115 4063 260 4130 dinem
284 4067 575 4144 meam,intra
606 4077 728 4140 quam
755 4063 968 4132 egoenim:
992 4044 1121 4112 idest,
1144 4059 1208 4102 non
