2702 4422
373 303 375 310 ’
443 279 463 318 7
540 285 696 371 Epistola
717 283 775 351 lll.
1160 289 1202 350 ea

1 453 2 459 ἵ
115 473 311 549 ιιιραὶιισιςε
359 457 521 524 discedite
558 477 598 522 a
618 475 700 536 me,
745 465 920 539 operantes
965 461 1195 545 iniquitatem,

114 569 232 635 lllettlr.
245 565 320 634 vii
332 572 384 630 ιδ.
881 609 885 624 .

38 667 39 672 ’
188 671 304 746 Immo
327 667 462 732 Numen
483 663 546 728 hee
567 662 799 748 peecatoribus
823 661 1073 746 inaccessibile,
1101 665 1200 732 bomi-

110 777 214 856 nibus
239 743 566 854 alieubiapparens,
585 785 723 854 semper
745 785 805 832 eos
829 785 848 830 e
872 763 1052 852 longinquo
1074 765 1202 836 adstare

109 877 268 964 jubebat,
290 862 497 968 utque'suam
519 868 647 956 locique
664 870 830 936 substrati
843 889 971 957 urgens
983 873 1205 954 sanctitatem,

117 978 300 1070 speciano
322 997 456 1042 accessu
479 971 612 1040 eusdem
634 973 780 1050 arcebat,
802 970 908 1038 uxor.
920 970 1021 1038 1115
1054 971 1208 1060 inprimis

119 1083 205 1170 qued
229 1083 391 1149 solennem
416 1077 537 1143 illam
527 1099 560 1142 ιιι
583 1085 692 1142 monte
708 1074 803 1142 Sinai
822 1076 944 1142 factam
963 1081 1207 1163 apparitionem

86 1173 257 1271 attinet,
288 1185 341 1248 ubi
372 1182 466 1248 Deus
489 1176 591 1274 ui'lJ'g,
624 1165 1207 1287 bocestsanetltatemsuam,

117 1311 179 1359 non
202 1288 311 1354 verbis
334 1287 431 1353 medo
463 1285 735 1372 praedicaturus,
772 1279 830 1350 sed
862 1287 936 1371 ipso
968 1289 1070 1350 etiam
1104 1281 1207 1374 opere

111 1401 336 1474 ostensurus,
362 1398 401 1456 et
424 1389 582 1456 hemines
611 1393 738 1475 pariter
770 1397 869 1473 atque
891 1387 990 1454 bruta
1012 1389 1207 1476 prohiberet
1326 1463 1330 1470 ¹

110 1496 223 1578 aditu,
258 1499 499 1578 circumsepire
529 1492 669 1574 jubebat
696 1499 859 1572 montem,
892 1498 929 1556 et
950 1491 1205 1561 hancrelrcum-

110 1594 322 1682 sentientem,
363 1595 449 1680 qued
480 1601 620 1660 maxime
652 1595 826 1660 notandum
857 1598 930 1675 est,
962 1607 1036 1692 wip
1064 1596 1205 1663 vocabat

51 1723 54 1730 ’
112 1698 420 1780 Exodxlxer„
460 1699 599 1784 Insuper
629 1697 892 1766 'sabernaculum
924 1703 1032 1784 ipsum
1053 1709 1097 1766 ·et
1128 1701 1205 1768 bule

42 1889 43 1894 ἵ
118 1803 303 1876 succedens
333 1803 503 1894 Templum
535 1801 620 1890 quod
643 1805 715 1893 ῑῦζιρ
747 1813 782 1870 et
804 1788 989 1892 deldlii)
1020 1823 1066 1869 ex
1103 1803 1203 1872 loeo

120 1911 195 1990 s'ue
217 1914 260 1998 [ι]
283 1913 573 1974 circumcirca
601 1909 655 1976 rel
678 1927 1022 1994 quaquaversum
1050 1911 1096 1982 i)
1118 1907 1204 1974 alt·

119 2010 214 2102 quid
237 2010 502 2096 protrudere
524 2019 569 2088 w)
591 2017 634 2076 in
658 2033 815 2078 summo
837 2009 995 2099 gradu)
1018 2008 1083 2077 dici
1100 2010 1202 2096 solet,

62 2143 69 2155 ·
117 2112 204 2186 aliud
229 2113 304 2199 quid
325 2135 391 2190 uon
414 2123 506 2198 erat,
529 2115 591 2185 'rrisi
615 2125 834 2204 aggregatum
853 2121 1017 2182 rariorum
1039 2119 1204 2204 sepimen-

115 2228 241 2299 torum,
274 2217 423 2286 diversas
457 2217 728 2306 distinguentium
752 2241 869 2303 areas,
900 2241 983 2308 quas
1007 2217 1115 2286 Deum
1136 2217 1204 2286 adi·

115 2327 223 2410 turis,
254 2323 522 2409 sivegentibus,
554 2329 626 2391 sive
648 2323 837 2406 lsradlitis,
868 2329 940 2390 siue
973 2321 1205 2392 lsrasirurun

115 2425 374 2509 sacerdotibus,
402 2425 532 2512 ingredi
564 2427 618 2494 fas
649 2434 731 2493 erat.
774 2424 852 2514 lpse
882 2435 984 2494 etiam
1014 2434 1046 2494 iu
1071 2427 1205 2512 adytum

1 2587 2 2591 ,
115 2537 259 2596 omniurn
290 2537 439 2597 intimum
472 2529 567 2598 soles
599 2536 633 2598 et
667 2529 771 2601 semel
804 2539 931 2598 tautum
961 2530 1003 2598 de
1036 2549 1121 2596 anno
1150 2529 1205 2598 ad·
1220 2519 1224 2534 ’

116 2634 296 2700 mittendus
329 2633 486 2700 sacerdos
520 2656 688 2717 summus,
727 2633 784 2702 illo
819 2657 880 2700 sue
914 2635 1017 2700 tronti
1048 2636 1204 2724 inscripta

116 2737 271 2828 lemmate
301 2707 397 2810 mamb
414 2750 504 2831 w'ip
520 2740 560 2804 ab
597 2737 847 2806 adventantibus
878 2741 1100 2804 reverentiam
1121 2739 1206 2808 baec

11 2836 22 2856 ”
114 2823 329 2936 sanctissimo
351 2840 424 2904 Deo
447 2775 590 2908 debitam
611 2841 840 2908 indesinenter
863 2840 1074 2928 postulabat,
1104 2853 1205 2933 atque

65 2969 67 2974 ·
116 2919 262 3036 profana
290 2949 397 3014 omnia
427 2946 548 3011 abesse
572 2945 721 3031 jubebat.
764 2943 799 3008 ld
824 2942 911 3030 quod
935 2943 1007 3010 dein
1030 2949 1206 3035 gentillum

117 3054 325 3138 superstitio
338 3047 425 3112 male
447 3054 573 3120 imitatu
594 3050 669 3132 rue,
693 3049 822 3115 famosa
839 3048 898 3114 illa
921 3049 1072 3137 formula,
1090 3051 1207 3140 procul

120 3160 195 3238 este
216 3153 345 3239 profani
356 3200 385 3234 ,
384 3153 554 3239 quomodo
578 3173 683 3220 saera
705 3173 767 3218 sea
787 3157 918 3219 initiare
941 3154 1094 3244 solebant
1115 3165 1207 3224 vete·

1 3251 2 3254 '
116 3278 198 3339 res,
228 3257 831 3342 ntestapudBrissouiuurde
860 3257 1206 3381 ἱοιΙιιιιιΙΙιΙΙΙιιι

1 3443 2 3450 ,
119 3370 242 3448 pag-2
805 3427 808 3436 ι

1 3479 2 3486 ’
143 3465 311 3529 Porro
342 3467 640 3533 sanctifioare
664 3466 788 3547 Deum,
823 3489 941 3534 nemen
963 3465 1050 3552 Dei,
1076 3474 1118 3532 et
1145 3482 1204 3548 ea,

1 3559 2 3598 l
79 3571 84 3582 ’
123 3587 209 3650 quae
240 3569 304 3633 Dei
344 3577 443 3651 sunt,
484 3579 539 3638 est
579 3572 702 3660 distieg
681 3593 785 3638 euers
820 3572 905 3638 haee
937 3579 1063 3654 omnia,
1105 3572 1206 3652 &tque
1329 3579 1333 3592 ’

1 3677 2 3680 ’
122 3669 347 3739 discriminare
369 3694 389 3736 a
411 3676 511 3740 rebus
533 3673 610 3741 aliis
633 3665 803 3756 omnibus,
822 3674 977 3742 honorem
996 3683 1096 3758 atque
1114 3689 1207 3740 reve-

101 3779 264 3839 'rentiam
290 3774 362 3841 Deo
395 3777 516 3848 habere
548 3779 863 3868 incomparabilem,
896 3779 964 3846 elia
987 3795 1067 3840 vere
1100 3763 1208 3854 erebia

1 3924 3 3958 J
118 3897 204 3964 prae
227 3868 299 3964 ipso
322 3900 503 3964 spernere,
526 3902 678 3944 emerere
701 3891 735 3943 et
757 3880 907 3961 rejicere.
938 3878 1010 3942 Hoc
1032 3899 1134 3944 sensu
1156 3885 1243 3940 ter‘

121 3990 274 4046 sanetum
308 3981 418 4044 dieunt
442 3982 524 4065 AB„
505 3981 570 4043 ‹reir
603 3981 734 4042 Numen
763 3987 911 4052 nostrum
943 3979 975 4031 in
1009 3975 1134 4042 coelis,
1167 3959 1209 4032 ob

96 4077 431 4169 majestatemejus
430 4083 502 4146 alus
510 4102 584 4147 surs
594 4101 632 4146 se
642 4085 732 4160 tpses
741 4067 1006 4142 etramreiantes
1016 4057 1150 4122 Esevr,
1159 4071 1209 4131 aa
