2702 4422
120 306 162 366 dd
250 333 255 342 ·
474 291 595 358 Ternin
613 249 872 380 Epistolarunr.'
973 369 979 376 ,

119 469 244 540 Endera
282 488 384 534 sensu
425 485 599 554 precamur
637 471 828 554 petitionem
871 471 1007 554 primani
1046 471 1214 538 orationis

81 634 83 640 .
120 569 311 643 dominicae.
356 569 412 637 lili
434 593 535 655 reru,
557 575 613 660 qui
635 592 690 637 res
704 563 845 646 „divinas
864 571 1061 664 profanant,
1093 583 1212 642 saneta

120 702 189 758 nnn,
205 685 322 748 sancte
342 683 549 760 tractantes,
580 681 613 742 iu
637 677 698 741 iane
722 685 878 763 peccant,
912 673 998 764 quod
1031 697 1094 742 non
1108 683 1206 745 natis

35 773 43 825 ἶ
120 786 376 858 discernant
397 769 690 848 discernenda
713 779 961 868 accedite.

207 886 500 956 Sanctificate
523 884 654 952 locum
663 893 857 972 ,tempus
875 879 942 951 vel
964 882 1212 976 aliudqnid,
1263 915 1292 960 ῃ

60 1052 63 1058 .
120 989 229 1076 Dea,
251 1000 306 1058 cst
329 990 555 1076 distinguere,
587 1009 765 1076 separare,
800 998 900 1076 atque
922 988 1114 1056 discernere
1136 1011 1224 1057 rem.
1347 981 1348 990 ’

66 1151 69 1156 -
120 1102 210 1168 iiiam
241 1096 296 1163 vel
327 1094 435 1161 Ιοοιιιιι
474 1095 587 1177 ilium,
625 1098 808 1180 sepimenta
840 1095 928 1158 forte
960 1094 1070 1182 aliquo
1099 1094 1209 1176 facto,

122 1205 325 1274 acommuni
356 1219 438 1284 usu3
468 1209 569 1286 atque
590 1202 728 1264 remotis
758 1198 835 1265 aliis
858 1183 1027 1282 omnibus,
1059 1208 1211 1286 ternpus,

120 1313 228 1378 iocum
250 1305 302 1372 vei
326 1325 395 1370 reru
416 1303 509 1371 iilam
533 1301 606 1369 Dea
626 1302 766 1390 ejusque
790 1303 893 1369 cultui
915 1323 1122 1371 conservare.

206 1409 507 1484 Sanctificate
530 1429 577 1476 se
599 1413 743 1494 ipsum
766 1416 991 1493 estreparare
1008 1429 1046 1474 se
1064 1407 1107 1474 ab
1127 1408 1212 1476 ciris

119 1518 220 1585 rebus
252 1515 402 1581 omnibus
425 1511 522 1596 Deo,
550 1512 655 1578 Lerit.
675 1511 749 1578 XX.
779 1517 841 1578 tiis
859 1509 913 1576 vei
948 1507 1070 1598 spretis
1104 1521 1210 1604 atque

82 1689 86 1708 ,
120 1630 258 1695 remotis
282 1622 381 1688 rebus
404 1617 577 1686 immundis
600 1612 694 1684 vadis
713 1626 751 1684 ¹et
778 1614 949 1708 evanidis,
977 1636 1144 1702 ¹separare
1166 1637 1209 1684 se
1236 1675 1239 1680 .

121 1737 153 1798 in
184 1721 290 1796 aredio
320 1727 463 1790 nationis
492 1742 636 1812 pravae,
668 1719 810 1807 Philipp.
829 1720 867 1789 ΙΙ,
888 1728 935 1787 15.
958 1720 1001 1790 ab
1023 1727 1109 1788 omui
1132 1743 1211 1788 con-

122 1835 448 1916 suetudincprava,
491 1834 591 1913 atque
624 1825 722 1913 digne
760 1825 929 1894 ambulare
960 1823 1034 1892 Deo
1067 1825 1239 1913 ejusque.

39 2023 42 2032 Ι
122 1937 309 2022 Majastati.
354 1933 397 1998 Et
426 1949 512 2017 quae
542 1937 620 1997 sunt
648 1931 701 1996 his
724 1936 854 2018 gemina
882 1930 950 2000 alia
978 1930 1129 1997 huc'non
1151 1929 1210 1997 ad·

123 2040 281 2108 ducenda.

210 2141 332 2208 Ultimo
371 2137 443 2204 ioca
476 2123 717 2204 radrx'noscra
745 2150 818 2235 wip
847 2142 889 2218 in
922 2111 1077 2206 malam
1108 2142 1210 2204 etiam
1337 2120 1345 2167 ³

123 2258 285 2339 partem
315 2243 507 2326 adhibetur,
538 2247 571 2307 iu
596 2241 780 2308 nodrinibna
803 2243 877 2333 wir}
903 2250 938 2308 et
960 2241 1062 2336 Πῐὶῆῇ
1090 2242 1209 2328 quibus

124 2356 381 2431 scortator,
403 2346 457 2412 vel
479 2345 741 2428 calamitas,
773 2355 808 2414 et
830 2358 1018 2415 scortum
1042 2351 1206 2434 prosti-

122 2457 355 2542 bulumqne
384 2451 621 2540 indigitantur:
655 2456 750 2538 quasi
782 2451 904 2521 dixeris
937 2455 1044 2540 pestis
1078 2460 1113 2516 et
1133 2467 1208 2536 pur·

19 2602 24 2610 ·
77 2556 94 2620 ,⁸
123 2568 312 2652 gementum
334 2557 485 2622 omnibus
518 2554 718 2641 fugiendum.
764 2547 872 2624 Tanta
894 2577 1011 2644 nempe
1032 2556 1087 2622 his
1110 2549 1209 2620 nomiss

124 2667 222 2734 nibus
251 2682 330 2730 esse
360 2659 481 2726 dieitur
511 2667 728 2726 monstrorum
760 2656 1069 2744 iliorum'maiitia,
1103 2667 1142 2726 ut
1168 2659 1211 2724 eh

79 2851 82 2856 Ι
124 2773 211 2835 narni
225 2772 388 2834 societate
402 2765 543 2830 humana
558 2762 720 2852 distingui
733 2772 833 2851 atque
849 2757 1001 2853 separari
1013 2754 1210 2845 recreantur,

74 2879 79 2890 '
123 2872 266 2958 bonique
283 2887 401 2936 omnes
421 2870 531 2936 abiis
554 2889 593 2934 se
616 2875 785 2934 continere
807 2877 842 2934 et
869 2869 1026 2936 recedere
1049 2867 1210 2950 debeant.

125 3009 165 3024 -
189 2974 325 3039 interim
347 2980 384 3038 ut
406 2993 510 3064 panca
533 2974 614 3040 haec
632 2968 682 3040 'l'e
699 2971 838 3060 jubente
859 2977 891 3042 in
916 2973 1058 3040 medium
1075 2967 1211 3062 prolata

125 3077 204 3145 boui
236 3074 413 3154 consulas,
453 3076 565 3143 studio
598 3053 698 3145 etiam
731 3078 808 3144 huic
836 3077 1014 3162 hebraico,
1055 3081 1089 3144 iu
1123 3079 1210 3146 omni

38 3255 45 3264 ,
125 3180 297 3268 theologia
318 3184 493 3268 exegetica
517 3179 716 3254 commodum
739 3185 859 3270 ingens
882 3180 1020 3268 daturo,
1041 3179 1102 3248 scd
1124 3177 1210 3270 qnod
1345 3184 1349 3195 ⁴

86 3355 90 3366 ,
126 3287 215 3354 forte
236 3292 394 3356 curatore
410 3285 525 3351 orbum
549 3283 642 3352 brevi
665 3285 828 3369 deseram,
847 3305 945 3373 porra
962 3285 1091 3372 faveas,
1107 3287 1217 3374 operi·

67 3381 75 3396 “
128 3412 193 3481 qne
215 3388 355 3456 nondum
378 3383 528 3456 confecto
556 3396 763 3544 promotores
792 3397 827 3472 et
855 3377 1116 3498 collaboratores
1137 3409 1213 3456 con·

128 3493 245 3564 ciliane
266 3491 370 3577 velis,
400 3498 496 3560 enixe
518 3513 647 3580 rogo

568 3669 774 3688 *n—

173 3793 287 3886 Usque
329 3795 387 3866 ilio
411 3803 642 3883 'perveneram
679 3759 873 3882 scribendo,
917 3795 1044 3884 qnando
1069 3785 1216 3888 'praeter

130 3921 259 3968 omnem
280 3897 542 3986 expectationem
564 3899 689 3968 diterae
711 3902 804 3968 Tuae
826 3901 1007 3968 iterumad
1030 3923 1082 3968 me
1105 3895 1216 3983 datae,
1255 3901 1279 3956 s

131 4025 154 4068 a
174 4013 246 4072 cire
267 4004 407 4091 quodam
429 4020 472 4072 ex
485 4003 617 4098 XSaenia
638 4004 794 4090 oriundo,
815 4006 902 4094 apud
925 4029 1039 4095 quem,
1070 4027 1150 4072 casu
1174 4006 1226 4071 ad,

127 4125 208 4173 eam
224 4107 440 4214 deductus„
456 4107 497 4178 de
527 4113 656 4212 nomine
679 4109 750 4174 Tuo
772 4141 816 4158 ··-
837 4119 1050 4199 percontatus
1072 4110 1217 4193 fueram,
1313 4193 1316 4200 ,
