2648 4420
464 259 734 359 'montium'
818 295 826 316 ι
1070 265 1148 340 m

63 439 181 516 uenia,
214 453 258 498 an
282 427 378 500 sinui
400 432 564 526 commodo
587 440 644 498 tuo
667 433 740 497 fieri
768 435 897 518 possit,
927 439 1004 500 unte
1033 441 1142 524 omnis

68 541 236 608 subruisse
259 545 377 622 expeto
401 557 528 622 rogare.
572 535 663 602 Satis
686 537 762 602 mibi
786 543 848 618 sit,
877 539 957 604 talia
980 523 1139 609 interdum

62 643 175 708 diteris
198 646 442 726 interspergere
465 645 564 723 mois,
589 629 649 706 nun
674 651 708 704 ut
730 640 854 704 cuinmn
878 633 1081 724 respondens·
1096 675 1140 694 -

54 745 121 810 sed
147 754 265 808 utere
288 742 477 826 aliqnando,
501 741 634 807 siDeus
657 749 857 808 occasionem
881 725 1016 824 dederit,
1040 743 1137 810 simui

52 858 95 914 et
119 846 225 911 semei
249 847 393 910 breviter
414 849 502 910 sitim
516 851 706 932 restinguas
725 849 837 911 rocam.
869 845 964 928 Noto,
988 851 1041 931 qui
1055 849 1137 912 meis

55 949 237 1014 consulere
260 949 346 1012 votis
369 952 486 1033 possit,
511 953 540 1012 si
563 969 583 1013 a
605 960 661 1012 tue
683 947 869 1012 discessero
891 947 945 1011 dur
923 953 1100 1045 gnitate,
1091 969 1138 1014 ru·

59 1058 163 1119 uenio
187 1057 352 1116 neminem.
381 1050 500 1116 Posset
522 1036 588 1116 tum
613 1051 699 1117 inrte
712 1051 921 1116 nbirterutnm
933 1054 1137 1136 cognationis
1162 1088 1166 1096 ·

62 1173 108 1227 ex
132 1153 251 1224 familia
267 1151 485 1238 Schmidiiann
508 1155 697 1219 beneficium
720 1155 798 1222 mibi
821 1155 916 1220 simui
940 1158 1139 1220 suavissime

62 1255 225 1322 refricari.
277 1233 361 1322 (inid
395 1259 521 1320 interea
549 1275 655 1320 rerum
686 1258 941 1323 academicorum
969 1255 1135 1340 occiderit,

58 1356 213 1442 adjectae
234 1357 342 1424 literis
365 1359 416 1424 bis
438 1358 591 1446 pagellae
614 1360 737 1424 docent.
764 1395 804 1438 7-
932 1387 934 1394 ’

236 1525 238 1530 .
289 1460 518 1548 0etinger,
540 1462 620 1528 Tub.
648 1469 694 1528 tn.
718 1459 787 1526 Mai
814 1464 906 1530 liti.

146 1551 433 1629 Excellentissimi'
450 1563 511 1628 Do.
536 1563 627 1650 Eiiae
651 1564 849 1646 camerarii,
872 1563 965 1647 cujus
979 1570 1053 1629 viva
1076 1569 1135 1647 tui,

63 1673 323 1756 nuntieseunque
346 1688 418 1736 cuna
442 1673 608 1748 convenio,
630 1653 907 1752 vigetmemoriu,
931 1685 1042 1746 soror,
1064 1671 1137 1732 sine

63 1771 161 1836 dnbio
182 1771 290 1838 indca
312 1771 423 1836 rnnitis
448 1775 542 1836 annis
565 1770 635 1851 tibi,
659 1778 799 1854 quantae
815 1774 957 1853 virtutis,
979 1775 1136 1853 quantoe*

63 1896 127 1962 que
148 1878 351 1958 integritatis
375 1874 472 1938 inerit
495 1885 679 1958 perspectu,
703 1879 805 1936 morte
828 1876 1017 1958 respiravit,
1040 1869 1135 1936 cnido

58 1977 258 2064 tranquilia,
280 1976 504 2048 ,sermonibus
543 1975 651 2060 paulin
691 1984 768 2040 ante
808 1974 848 2040 ad
875 1981 1136 2063 „circumstantes

53 2083 181 2148 babitis
216 2085 392 2168 insigniter
425 2071 672 2146 aedificantibus
705 2089 740 2160 et
773 2078 1039 2145 demulcentibus.
1091 2076 1134 2148 Et

50 2207 156 2272 quum
189 2189 320 2263 nescio,
353 2202 416 2267 qun
447 2199 525 2247 cuso
555 2205 626 2248 cum
650 2179 718 2248 ex'e.
742 2183 803 2250 Dn.
835 2190 950 2249 marito
975 2183 1044 2268 jam
1075 2201 1134 2268 per

50 2291 222 2356 biennium
247 2293 309 2372 ipsi
323 2287 551 2364 intercederet,
575 2287 736 2353 dissensio
752 2311 813 2354 non
828 2288 924 2368 ienis,
947 2309 1043 2374 quum
1060 2291 1133 2351 sine

59 2391 160 2455 dubio
180 2389 391 2463 afflictionum
407 2397 735 2476 pungentissimarum
747 2397 879 2458 numero
896 2391 1027 2471 babuit,-
1041 2396 1132 2453 tuoto

62 2497 179 2577 opinor
209 2493 373 2560 iub'entius
406 2491 503 2577 hujus
539 2477 645 2562 ¹seculi
677 2495 783 2559 turbis
820 2490 984 2580 vaiediatt.
1045 2488 1132 2554 Nori

62 2595 224 2660 hacteuus
245 2595 326 2662 nibil
354 2597 492 2680 accidit,
522 2598 586 2662 nisi
615 2597 699 2684 quod
729 2614 867 2682 nupera:
886 2593 939 2657 die
972 2589 1131 2657 dominico

59 2702 213 2764 rusticus
239 2700 366 2786 qnidam
396 2697 623 2784 Fntringensis
655 2699 816 2786 Kiiibergi
855 2697 1018 2761 exactoris
1053 2710 1129 2776 ‘per-

55 2819 180 2892 sonam
202 2811 321 2886 egens,
349 2809 446 2888 inque
477 2803 646 2867 diversorii
668 2800 786 2886 enguio
810 2802 946 2866 devotus
969 2795 1130 2880 assidens,
1213 2867 1216 2878 1

53 2901 177 2972 multis
200 2903 275 2970 aiiis
298 2907 427 2990 potandi
451 2911 558 2993 gratia
580 2911 666 2971 circe
689 2925 831 2974 mensum
855 2904 955 2986 fusis,
984 2900 1130 2966 inimicis
1154 2899 1155 2902 ’

51 3012 124 3076 ictu
150 3010 198 3072 ita
219 3009 431 3096 conflagrant
462 3010 627 3092 vestibus,
662 3017 697 3073 ut
728 3007 779 3072 iris
811 3012 938 3095 penitus
969 3001 1129 3080 absumtis

50 3109 165 3176 nudus
190 3109 353 3195 jacuerit,
385 3117 521 3178 animam
554 3113 670 3199 einpsn
697 3112 796 3176 borne
825 3115 931 3199 spatio
961 3106 1131 3174 exhalans

50 3212 196 3282 Reussii
220 3221 323 3288 nostri
347 3217 612 3282 consuetudinem
635 3216 728 3281 vaide
752 3215 916 3295 desidero,
939 3210 997 3279 sed
1020 3210 1130 3300 uiiqua

48 3325 167 3384 tamen
190 3318 266 3402 ejus
294 3325 434 3404 imagine
467 3318 530 3384 frui
562 3321 656 3386 datur
687 3327 718 3386 in
749 3319 854 3388 fratre
882 3316 957 3401 ejus
985 3312 1129 3397 juniore,
1220 3359 1224 3366 =

51 3442 128 3488 cum
154 3441 219 3510 quo
236 3424 350 3492 ,studio
372 3425 509 3510 phusicn
531 3434 564 3490 et
587 3426 812 3492 mathematica
842 3424 933 3486 boris
955 3421 1128 3485 succisivis

49 3521 252 3611 quandoque
289 3527 431 3596 coniern.
493 3527 635 3594 Simiiem
675 3517 828 3593 donorum
859 3545 930 3590 cnm
967 3523 1127 3610 probitate

52 3625 164 3692 soiida
197 3627 454 3710 conjunctionem
486 3638 520 3696 in·
551 3640 616 3697 turn
654 3632 776 3697 teneiin
811 3639 919 3696 aetate
958 3633 1028 3692 nun*
1051 3618 1125 3696 vidi·

52 3725 207 3796 luaudiri
236 3752 338 3818 nuper
362 3735 609 3802 amoenitatibus
636 3732 846 3799 Uiroensibus
870 3726 1127 3810 (Schocibornii)
1258 3719 1260 3732 ’

50 3835 303 3900 insertasesse
322 3837 474 3922 quasdam
499 3843 654 3921 paginus,
684 3839 738 3902 ubi
763 3819 885 3902 clunem
911 3833 1001 3916 ajunt
1022 3829 1126 3896 intere

50 3933 307 4019 upneaiypticne
324 3949 400 4004 tune
417 3941 661 4020 chronotaxens,
684 3939 776 4024 cujus
789 3935 868 4004 mirsi
887 3937 989 4019 flagro
1007 3931 1127 4017 cupidi·

50 4045 127 4104 tate
148 4042 380 4128 percipiendus
396 4043 585 4135 aliquando,
607 4053 660 4110 est
683 4048 768 4114 euim
787 4039 863 4106 mibi
886 4037 1039 4106 studium.
1054 4052 1132 4120 pro·
