<?xml version="1.0" encoding="UTF-8"?>
<!DOCTYPE html PUBLIC "-//W3C//DTD XHTML 1.0 Transitional//EN"
    "http://www.w3.org/TR/xhtml1/DTD/xhtml1-transitional.dtd">
<html xmlns="http://www.w3.org/1999/xhtml" xml:lang="en" lang="en">
 <head>
  <title>
</title>
<meta http-equiv="Content-Type" content="text/html;charset=utf-8" />
  <meta name='ocr-system' content='tesseract 3.04.00' />
  <meta name='ocr-capabilities' content='ocr_page ocr_carea ocr_par ocr_line ocrx_word'/>
</head>
<body>
  <div class='ocr_page' id='page_1' title='image "./drjohannalbrech03burkgoog_0181.png"; bbox 0 0 2648 4420; ppageno 0'>
   <div class='ocr_carea' id='block_1_1' title="bbox 162 231 1151 389">
    <p class='ocr_par' dir='ltr' id='par_1_1' title="bbox 162 231 1151 389">
     <span class='ocr_line' id='line_1_1' title="bbox 162 231 1151 389; baseline -0.003 -31"><span class='ocrx_word' id='word_1_1' title='bbox 162 269 252 362; x_wconf 71' lang='lat' dir='ltr'><strong>--idd</strong></span> <span class='ocrx_word' id='word_1_2' title='bbox 467 289 568 370; x_wconf 46' lang='lat' dir='ltr'><strong>,Aac</strong></span> <span class='ocrx_word' id='word_1_3' title='bbox 588 289 647 379; x_wconf 75' lang='lat' dir='ltr'><strong>der</strong></span> <span class='ocrx_word' id='word_1_4' title='bbox 667 231 944 389; x_wconf 66' lang='lat' dir='ltr'><strong>correspondens</strong></span> <span class='ocrx_word' id='word_1_5' title='bbox 1061 257 1064 260; x_wconf 21' lang='grc' dir='ltr'>Ι</span> <span class='ocrx_word' id='word_1_6' title='bbox 1148 348 1151 355; x_wconf 30' lang='lat'><em>1</em></span> 
     </span>
    </p>
   </div>
   <div class='ocr_carea' id='block_1_2' title="bbox 187 435 1261 654">
    <p class='ocr_par' dir='ltr' id='par_1_2' title="bbox 187 435 1261 654">
     <span class='ocr_line' id='line_1_2' title="bbox 188 435 1260 552; baseline -0.002 -24"><span class='ocrx_word' id='word_1_7' title='bbox 188 461 372 550; x_wconf 79' lang='lat' dir='ltr'><strong>piraticum,</strong></span> <span class='ocrx_word' id='word_1_8' title='bbox 405 482 447 528; x_wconf 88' lang='lat' dir='ltr'><strong>ex</strong></span> <span class='ocrx_word' id='word_1_9' title='bbox 475 482 541 549; x_wconf 87' lang='lat' dir='ltr'><strong>qno</strong></span> <span class='ocrx_word' id='word_1_10' title='bbox 566 435 887 550; x_wconf 76' lang='lat' dir='ltr'><strong>ad&#39;apocaiypticnm</strong></span> <span class='ocrx_word' id='word_1_11' title='bbox 909 455 1110 533; x_wconf 74' lang='lat' dir='ltr'>descendere</span> <span class='ocrx_word' id='word_1_12' title='bbox 1132 461 1260 552; x_wconf 79' lang='lat' dir='ltr'><strong>gestio,</strong></span> 
     </span>
     <span class='ocr_line' id='line_1_3' title="bbox 187 563 1261 654; baseline 0 -23"><span class='ocrx_word' id='word_1_13' title='bbox 187 569 221 631; x_wconf 93' lang='lat' dir='ltr'><strong>ln</strong></span> <span class='ocrx_word' id='word_1_14' title='bbox 243 570 375 630; x_wconf 86' lang='lat' dir='ltr'><strong>sommis</strong></span> <span class='ocrx_word' id='word_1_15' title='bbox 393 563 532 650; x_wconf 89' lang='lat' dir='ltr'><strong>deliciis,</strong></span> <span class='ocrx_word' id='word_1_16' title='bbox 554 586 684 654; x_wconf 86' lang='lat' dir='ltr'><strong>operam</strong></span> <span class='ocrx_word' id='word_1_17' title='bbox 698 567 833 632; x_wconf 91' lang='lat' dir='ltr'><strong>daturos</strong></span> <span class='ocrx_word' id='word_1_18' title='bbox 844 565 928 629; x_wconf 89' lang='lat' dir='ltr'><strong>hunc</strong></span> <span class='ocrx_word' id='word_1_19' title='bbox 943 571 975 629; x_wconf 90' lang='lat' dir='ltr'><strong>in</strong></span> <span class='ocrx_word' id='word_1_20' title='bbox 988 564 1084 629; x_wconf 87' lang='lat' dir='ltr'><strong>finem</strong></span> <span class='ocrx_word' id='word_1_21' title='bbox 1096 563 1261 631; x_wconf 71' lang='lat' dir='ltr'><strong>historiae</strong></span> 
     </span>
    </p>
   </div>
   <div class='ocr_carea' id='block_1_3' title="bbox 96 667 510 736">
    <p class='ocr_par' dir='ltr' id='par_1_3' title="bbox 96 667 510 736">
     <span class='ocr_line' id='line_1_4' title="bbox 96 667 510 736; baseline -0.007 -1"><span class='ocrx_word' id='word_1_22' title='bbox 96 695 97 700; x_wconf 48' lang='lat'>¹</span> <span class='ocrx_word' id='word_1_23' title='bbox 188 667 446 736; x_wconf 74' lang='lat' dir='ltr'><strong>ecclesiastieae.</strong></span> <span class='ocrx_word' id='word_1_24' title='bbox 470 704 510 718; x_wconf 90' lang='lat'>-</span> 
     </span>
    </p>
   </div>
   <div class='ocr_carea' id='block_1_4' title="bbox 237 769 1260 959">
    <p class='ocr_par' dir='ltr' id='par_1_4' title="bbox 237 769 1260 959">
     <span class='ocr_line' id='line_1_5' title="bbox 463 769 1008 858; baseline 0 -23"><span class='ocrx_word' id='word_1_25' title='bbox 463 770 683 858; x_wconf 80' lang='lat' dir='ltr'><strong>0etinger,</strong></span> <span class='ocrx_word' id='word_1_26' title='bbox 706 782 757 839; x_wconf 74' lang='lat'><strong>2⁰.</strong></span> <span class='ocrx_word' id='word_1_27' title='bbox 780 769 861 856; x_wconf 85' lang='lat' dir='ltr'><strong>lllay</strong></span> <span class='ocrx_word' id='word_1_28' title='bbox 884 776 976 838; x_wconf 75' lang='lat'><strong>172⁷.</strong></span> <span class='ocrx_word' id='word_1_29' title='bbox 1000 781 1008 802; x_wconf 81' lang='grc'><strong><em>’</em></strong></span> 
     </span>
     <span class='ocr_line' id='line_1_6' title="bbox 237 872 1260 959; baseline -0.004 -19"><span class='ocrx_word' id='word_1_30' title='bbox 237 925 238 930; x_wconf 34' lang='lat'>1</span> <span class='ocrx_word' id='word_1_31' title='bbox 273 872 336 940; x_wconf 82' lang='lat' dir='ltr'><strong>lin.</strong></span> <span class='ocrx_word' id='word_1_32' title='bbox 348 873 571 940; x_wconf 77' lang='lat' dir='ltr'><strong>cancellarios</strong></span> <span class='ocrx_word' id='word_1_33' title='bbox 583 875 678 959; x_wconf 86' lang='lat' dir='ltr'><strong>hujus</strong></span> <span class='ocrx_word' id='word_1_34' title='bbox 690 875 752 940; x_wconf 93' lang='lat' dir='ltr'><strong>inci</strong></span> <span class='ocrx_word' id='word_1_35' title='bbox 776 879 885 938; x_wconf 86' lang='lat' dir='ltr'><strong>miram</strong></span> <span class='ocrx_word' id='word_1_36' title='bbox 909 874 1001 936; x_wconf 87' lang='lat' dir='ltr'><strong>habit</strong></span> <span class='ocrx_word' id='word_1_37' title='bbox 1017 878 1052 937; x_wconf 90' lang='lat' dir='ltr'><strong>et</strong></span> <span class='ocrx_word' id='word_1_38' title='bbox 1068 892 1149 937; x_wconf 89' lang='lat' dir='ltr'><strong>sane</strong></span> <span class='ocrx_word' id='word_1_39' title='bbox 1162 893 1260 959; x_wconf 89' lang='lat' dir='ltr'><strong>qnam</strong></span> 
     </span>
    </p>
   </div>
   <div class='ocr_carea' id='block_1_5' title="bbox 184 972 1278 1062">
    <p class='ocr_par' dir='ltr' id='par_1_5' title="bbox 184 972 1278 1062">
     <span class='ocr_line' id='line_1_7' title="bbox 184 972 1278 1062; baseline -0.005 -19"><span class='ocrx_word' id='word_1_40' title='bbox 184 972 332 1062; x_wconf 81' lang='lat' dir='ltr'><strong>jejunam</strong></span> <span class='ocrx_word' id='word_1_41' title='bbox 370 977 409 1042; x_wconf 88' lang='lat' dir='ltr'><strong>de</strong></span> <span class='ocrx_word' id='word_1_42' title='bbox 440 977 631 1062; x_wconf 73' lang='lat' dir='ltr'><strong>apocalypsi</strong></span> <span class='ocrx_word' id='word_1_43' title='bbox 667 976 869 1042; x_wconf 86' lang='lat' dir='ltr'><strong>divinissima</strong></span> <span class='ocrx_word' id='word_1_44' title='bbox 901 981 1082 1060; x_wconf 83' lang='lat' dir='ltr'><strong>opinionem</strong></span> <span class='ocrx_word' id='word_1_45' title='bbox 1116 977 1278 1056; x_wconf 84' lang='lat' dir='ltr'><strong>scilicet,</strong></span> 
     </span>
    </p>
   </div>
   <div class='ocr_carea' id='block_1_6' title="bbox 188 1077 1262 1165">
    <p class='ocr_par' dir='ltr' id='par_1_6' title="bbox 188 1077 1262 1165">
     <span class='ocr_line' id='line_1_8' title="bbox 188 1077 1262 1165; baseline -0.004 -19"><span class='ocrx_word' id='word_1_46' title='bbox 188 1103 267 1148; x_wconf 87' lang='lat' dir='ltr'><strong>esse</strong></span> <span class='ocrx_word' id='word_1_47' title='bbox 289 1081 378 1152; x_wconf 84' lang='lat' dir='ltr'><strong>illam</strong></span> <span class='ocrx_word' id='word_1_48' title='bbox 401 1088 525 1144; x_wconf 88' lang='lat' dir='ltr'><strong>tanturn</strong></span> <span class='ocrx_word' id='word_1_49' title='bbox 547 1079 795 1165; x_wconf 78' lang='lat' dir='ltr'><strong>descriptionem</strong></span> <span class='ocrx_word' id='word_1_50' title='bbox 820 1077 1262 1165; x_wconf 77' lang='lat' dir='ltr'><strong>parabolica-propheticam</strong></span> 
     </span>
    </p>
   </div>
   <div class='ocr_carea' id='block_1_7' title="bbox 188 1181 1312 1272">
    <p class='ocr_par' dir='ltr' id='par_1_7' title="bbox 188 1181 1312 1272">
     <span class='ocr_line' id='line_1_9' title="bbox 188 1181 1312 1272; baseline -0.003 -23"><span class='ocrx_word' id='word_1_51' title='bbox 188 1183 329 1264; x_wconf 81' lang='lat' dir='ltr'><strong>fatorum</strong></span> <span class='ocrx_word' id='word_1_52' title='bbox 370 1182 575 1272; x_wconf 82' lang='lat' dir='ltr'><strong>generalium</strong></span> <span class='ocrx_word' id='word_1_53' title='bbox 613 1182 792 1264; x_wconf 85' lang='lat' dir='ltr'><strong>ecclesiae,</strong></span> <span class='ocrx_word' id='word_1_54' title='bbox 836 1181 1083 1266; x_wconf 86' lang='lat' dir='ltr'><strong>specialioribus</strong></span> <span class='ocrx_word' id='word_1_55' title='bbox 1123 1187 1262 1246; x_wconf 87' lang='lat' dir='ltr'><strong>circum·</strong></span> <span class='ocrx_word' id='word_1_56' title='bbox 1311 1247 1312 1270; x_wconf 54' lang='lat'><strong>,</strong></span> 
     </span>
    </p>
   </div>
   <div class='ocr_carea' id='block_1_8' title="bbox 187 1285 1263 1473">
    <p class='ocr_par' dir='ltr' id='par_1_8' title="bbox 187 1285 1263 1473">
     <span class='ocr_line' id='line_1_10' title="bbox 187 1285 1260 1371; baseline -0.003 -18"><span class='ocrx_word' id='word_1_57' title='bbox 187 1291 326 1353; x_wconf 86' lang='lat' dir='ltr'><strong>stantiis</strong></span> <span class='ocrx_word' id='word_1_58' title='bbox 344 1289 501 1371; x_wconf 89' lang='lat' dir='ltr'><strong>temporis</strong></span> <span class='ocrx_word' id='word_1_59' title='bbox 524 1293 557 1350; x_wconf 87' lang='lat' dir='ltr'><strong>et</strong></span> <span class='ocrx_word' id='word_1_60' title='bbox 579 1285 816 1349; x_wconf 83' lang='lat' dir='ltr'><strong>chronotaxeos</strong></span> <span class='ocrx_word' id='word_1_61' title='bbox 838 1290 1002 1350; x_wconf 88' lang='lat' dir='ltr'><strong>mansuris</strong></span> <span class='ocrx_word' id='word_1_62' title='bbox 1024 1285 1118 1348; x_wconf 87' lang='lat' dir='ltr'><strong>nobis</strong></span> <span class='ocrx_word' id='word_1_63' title='bbox 1141 1290 1260 1369; x_wconf 82' lang='lat' dir='ltr'><strong>imper-</strong></span> 
     </span>
     <span class='ocr_line' id='line_1_11' title="bbox 188 1385 1263 1473; baseline -0.004 -19"><span class='ocrx_word' id='word_1_64' title='bbox 188 1392 274 1471; x_wconf 67' lang='lat' dir='ltr'><strong>riis.¹</strong></span> <span class='ocrx_word' id='word_1_65' title='bbox 306 1385 442 1469; x_wconf 84' lang='lat' dir='ltr'><strong>Viderit,</strong></span> <span class='ocrx_word' id='word_1_66' title='bbox 465 1387 541 1473; x_wconf 90' lang='lat' dir='ltr'><strong>quid</strong></span> <span class='ocrx_word' id='word_1_67' title='bbox 563 1388 624 1453; x_wconf 89' lang='lat' dir='ltr'><strong>hoc</strong></span> <span class='ocrx_word' id='word_1_68' title='bbox 645 1393 701 1470; x_wconf 91' lang='lat' dir='ltr'><strong>sit,</strong></span> <span class='ocrx_word' id='word_1_69' title='bbox 723 1387 858 1469; x_wconf 82' lang='lat' dir='ltr'><strong>dixisse,</strong></span> <span class='ocrx_word' id='word_1_70' title='bbox 881 1385 1263 1472; x_wconf 83' lang='lat' dir='ltr'><strong>quandoipsecdinter·</strong></span> 
     </span>
    </p>
   </div>
   <div class='ocr_carea' id='block_1_9' title="bbox 152 1487 1312 1596">
    <p class='ocr_par' dir='ltr' id='par_1_9' title="bbox 152 1487 1312 1596">
     <span class='ocr_line' id='line_1_12' title="bbox 152 1487 1312 1596; baseline -0.005 -40"><span class='ocrx_word' id='word_1_71' title='bbox 152 1517 156 1528; x_wconf 62' lang='lat'><strong><em>‘</em></strong></span> <span class='ocrx_word' id='word_1_72' title='bbox 186 1493 404 1578; x_wconf 86' lang='lat' dir='ltr'><strong>pretationem</strong></span> <span class='ocrx_word' id='word_1_73' title='bbox 427 1491 683 1578; x_wconf 78' lang='lat' dir='ltr'><strong>apocalypticam</strong></span> <span class='ocrx_word' id='word_1_74' title='bbox 705 1490 833 1555; x_wconf 90' lang='lat' dir='ltr'><strong>ducitur</strong></span> <span class='ocrx_word' id='word_1_75' title='bbox 855 1495 1009 1574; x_wconf 84' lang='lat' dir='ltr'><strong>inopere</strong></span> <span class='ocrx_word' id='word_1_76' title='bbox 1032 1510 1093 1553; x_wconf 91' lang='lat' dir='ltr'><strong>suo</strong></span> <span class='ocrx_word' id='word_1_77' title='bbox 1117 1487 1253 1554; x_wconf 47' lang='lat' dir='ltr'><strong>biblicus</strong></span> <span class='ocrx_word' id='word_1_78' title='bbox 1311 1529 1312 1596; x_wconf 48' lang='lat' dir='ltr'><strong>i</strong></span> 
     </span>
    </p>
   </div>
   <div class='ocr_carea' id='block_1_10' title="bbox 363 1590 1182 1686">
    <p class='ocr_par' dir='ltr' id='par_1_10' title="bbox 363 1590 1182 1686">
     <span class='ocr_line' id='line_1_13' title="bbox 363 1590 1182 1686; baseline 0 -28"><span class='ocrx_word' id='word_1_79' title='bbox 363 1593 797 1686; x_wconf 34' lang='lat' dir='ltr'><strong>Oetingerpilinppingae</strong></span> <span class='ocrx_word' id='word_1_80' title='bbox 820 1601 870 1658; x_wconf 72' lang='lat' dir='ltr'><strong>iii.</strong></span> <span class='ocrx_word' id='word_1_81' title='bbox 892 1590 963 1657; x_wconf 81' lang='lat' dir='ltr'><strong>ini.</strong></span> <span class='ocrx_word' id='word_1_82' title='bbox 988 1597 1081 1658; x_wconf 72' lang='lat'><strong>172⁷.</strong></span> <span class='ocrx_word' id='word_1_83' title='bbox 1174 1659 1182 1668; x_wconf 76' lang='grc'><em>,</em></span> 
     </span>
    </p>
   </div>
   <div class='ocr_carea' id='block_1_11' title="bbox 274 1694 1259 1779">
    <p class='ocr_par' dir='ltr' id='par_1_11' title="bbox 274 1665 1312 1779">
     <span class='ocr_line' id='line_1_14' title="bbox 274 1694 1259 1779; baseline -0.001 -17"><span class='ocrx_word' id='word_1_84' title='bbox 274 1694 370 1762; x_wconf 77' lang='lat' dir='ltr'><strong>llnod</strong></span> <span class='ocrx_word' id='word_1_85' title='bbox 394 1695 606 1761; x_wconf 81' lang='lat' dir='ltr'><strong>relaxationis</strong></span> <span class='ocrx_word' id='word_1_86' title='bbox 635 1702 732 1760; x_wconf 81' lang='lat' dir='ltr'><strong>animi</strong></span> <span class='ocrx_word' id='word_1_87' title='bbox 762 1715 863 1760; x_wconf 86' lang='lat' dir='ltr'><strong>causa</strong></span> <span class='ocrx_word' id='word_1_88' title='bbox 892 1694 1017 1768; x_wconf 84' lang='lat' dir='ltr'><strong>domum</strong></span> <span class='ocrx_word' id='word_1_89' title='bbox 1048 1694 1259 1779; x_wconf 82' lang='lat' dir='ltr'><strong>profecturus</strong></span> 
     </span>
    </p>
   </div>
   <div class='ocr_carea' id='block_1_12' title="bbox 86 1787 1266 1986">
    <p class='ocr_par' dir='ltr' id='par_1_12' title="bbox 86 1787 1266 1986">
     <span class='ocr_line' id='line_1_15' title="bbox 86 1787 1263 1884; baseline -0.001 -20"><span class='ocrx_word' id='word_1_90' title='bbox 86 1787 89 1796; x_wconf 69' lang='grc'><strong>’</strong></span> <span class='ocrx_word' id='word_1_91' title='bbox 188 1796 317 1882; x_wconf 82' lang='lat' dir='ltr'><strong>fuerim,</strong></span> <span class='ocrx_word' id='word_1_92' title='bbox 339 1803 371 1862; x_wconf 93' lang='lat' dir='ltr'><strong>in</strong></span> <span class='ocrx_word' id='word_1_93' title='bbox 394 1799 515 1874; x_wconf 82' lang='lat' dir='ltr'><strong>ultimis</strong></span> <span class='ocrx_word' id='word_1_94' title='bbox 538 1798 645 1864; x_wconf 86' lang='lat' dir='ltr'><strong>literis</strong></span> <span class='ocrx_word' id='word_1_95' title='bbox 667 1805 749 1864; x_wconf 86' lang='lat' dir='ltr'><strong>meis</strong></span> <span class='ocrx_word' id='word_1_96' title='bbox 772 1797 973 1884; x_wconf 58' lang='lat' dir='ltr'><strong>significatum</strong></span> <span class='ocrx_word' id='word_1_97' title='bbox 993 1797 1077 1883; x_wconf 91' lang='lat' dir='ltr'><strong>qnod</strong></span> <span class='ocrx_word' id='word_1_98' title='bbox 1100 1819 1201 1881; x_wconf 86' lang='lat' dir='ltr'><strong>vero,</strong></span> <span class='ocrx_word' id='word_1_99' title='bbox 1224 1805 1263 1863; x_wconf 89' lang='lat' dir='ltr'><strong>ut·</strong></span> 
     </span>
     <span class='ocr_line' id='line_1_16' title="bbox 189 1899 1266 1986; baseline 0.003 -23"><span class='ocrx_word' id='word_1_100' title='bbox 189 1905 326 1984; x_wconf 85' lang='lat' dir='ltr'><strong>primum</strong></span> <span class='ocrx_word' id='word_1_101' title='bbox 349 1906 474 1986; x_wconf 87' lang='lat' dir='ltr'><strong>patriae</strong></span> <span class='ocrx_word' id='word_1_102' title='bbox 498 1901 608 1966; x_wconf 91' lang='lat' dir='ltr'><strong>limina</strong></span> <span class='ocrx_word' id='word_1_103' title='bbox 629 1901 780 1982; x_wconf 86' lang='lat' dir='ltr'><strong>salutari,</strong></span> <span class='ocrx_word' id='word_1_104' title='bbox 803 1899 1139 1985; x_wconf 76' lang='lat' dir='ltr'><strong>matremoiienderim</strong></span> <span class='ocrx_word' id='word_1_105' title='bbox 1150 1901 1266 1966; x_wconf 84' lang='lat' dir='ltr'><strong>morbo</strong></span> 
     </span>
    </p>
   </div>
   <div class='ocr_carea' id='block_1_13' title="bbox 54 1989 1263 2090">
    <p class='ocr_par' dir='ltr' id='par_1_13' title="bbox 54 1989 1263 2090">
     <span class='ocr_line' id='line_1_17' title="bbox 54 1989 1263 2090; baseline 0.005 -26"><span class='ocrx_word' id='word_1_106' title='bbox 54 2053 63 2064; x_wconf 93' lang='lat'>.</span> <span class='ocrx_word' id='word_1_107' title='bbox 187 1999 284 2065; x_wconf 87' lang='lat' dir='ltr'><strong>letali</strong></span> <span class='ocrx_word' id='word_1_108' title='bbox 318 2003 550 2089; x_wconf 75' lang='lat' dir='ltr'><strong>gravidam&#39;et</strong></span> <span class='ocrx_word' id='word_1_109' title='bbox 579 2003 704 2090; x_wconf 84' lang='lat' dir='ltr'><strong>elapsis</strong></span> <span class='ocrx_word' id='word_1_110' title='bbox 738 2003 847 2068; x_wconf 91' lang='lat' dir='ltr'><strong>decem</strong></span> <span class='ocrx_word' id='word_1_111' title='bbox 879 1989 991 2076; x_wconf 79' lang='lat' dir='ltr'><strong>dieltus</strong></span> <span class='ocrx_word' id='word_1_112' title='bbox 1024 2007 1263 2089; x_wconf 70' lang='lat' dir='ltr'><strong>moribundam,</strong></span> 
     </span>
    </p>
   </div>
   <div class='ocr_carea' id='block_1_14' title="bbox 189 2101 1267 2502">
    <p class='ocr_par' dir='ltr' id='par_1_14' title="bbox 189 2101 1267 2502">
     <span class='ocr_line' id='line_1_18' title="bbox 189 2101 1265 2192; baseline 0.005 -24"><span class='ocrx_word' id='word_1_113' title='bbox 189 2121 326 2188; x_wconf 77' lang='lat' dir='ltr'><strong>eumque</strong></span> <span class='ocrx_word' id='word_1_114' title='bbox 350 2107 424 2170; x_wconf 90' lang='lat' dir='ltr'><strong>imis</strong></span> <span class='ocrx_word' id='word_1_115' title='bbox 446 2111 543 2170; x_wconf 88' lang='lat' dir='ltr'><strong>animi</strong></span> <span class='ocrx_word' id='word_1_116' title='bbox 559 2101 793 2170; x_wconf 78' lang='lat' dir='ltr'><strong>tentationibus</strong></span> <span class='ocrx_word' id='word_1_117' title='bbox 808 2108 1056 2192; x_wconf 81' lang='lat' dir='ltr'><strong>conflictantem,</strong></span> <span class='ocrx_word' id='word_1_118' title='bbox 1078 2116 1112 2172; x_wconf 85' lang='lat' dir='ltr'><strong>et</strong></span> <span class='ocrx_word' id='word_1_119' title='bbox 1128 2107 1265 2173; x_wconf 85' lang='lat' dir='ltr'><strong>iattdem</strong></span> 
     </span>
     <span class='ocr_line' id='line_1_19' title="bbox 190 2206 1267 2290; baseline 0.006 -23"><span class='ocrx_word' id='word_1_120' title='bbox 190 2211 348 2290; x_wconf 82' lang='lat' dir='ltr'><strong>prensata</strong></span> <span class='ocrx_word' id='word_1_121' title='bbox 381 2214 470 2272; x_wconf 90' lang='lat' dir='ltr'><strong>tenui</strong></span> <span class='ocrx_word' id='word_1_122' title='bbox 502 2209 565 2273; x_wconf 88' lang='lat' dir='ltr'><strong>fide</strong></span> <span class='ocrx_word' id='word_1_123' title='bbox 593 2209 677 2274; x_wconf 82' lang='lat' dir='ltr'><strong>Jesu</strong></span> <span class='ocrx_word' id='word_1_124' title='bbox 707 2209 830 2274; x_wconf 79' lang='lat' dir='ltr'><strong>Christi</strong></span> <span class='ocrx_word' id='word_1_125' title='bbox 862 2206 1002 2276; x_wconf 82' lang='lat' dir='ltr'><strong>anchora</strong></span> <span class='ocrx_word' id='word_1_126' title='bbox 1033 2215 1174 2275; x_wconf 85' lang='lat' dir='ltr'><strong>animam</strong></span> <span class='ocrx_word' id='word_1_127' title='bbox 1210 2233 1267 2276; x_wconf 85' lang='lat' dir='ltr'><strong>ex·</strong></span> 
     </span>
     <span class='ocr_line' id='line_1_20' title="bbox 189 2305 1266 2404; baseline 0.008 -33"><span class='ocrx_word' id='word_1_128' title='bbox 189 2305 372 2390; x_wconf 82' lang='lat' dir='ltr'><strong>halantem,</strong></span> <span class='ocrx_word' id='word_1_129' title='bbox 406 2309 531 2404; x_wconf 83' lang='lat' dir='ltr'><strong>idjam</strong></span> <span class='ocrx_word' id='word_1_130' title='bbox 562 2319 633 2393; x_wconf 89' lang='lat' dir='ltr'><strong>esi,</strong></span> <span class='ocrx_word' id='word_1_131' title='bbox 666 2311 748 2397; x_wconf 84' lang='lat' dir='ltr'><strong>qnod</strong></span> <span class='ocrx_word' id='word_1_132' title='bbox 773 2335 833 2378; x_wconf 86' lang='lat' dir='ltr'><strong>non</strong></span> <span class='ocrx_word' id='word_1_133' title='bbox 856 2333 988 2399; x_wconf 88' lang='lat' dir='ltr'><strong>possum</strong></span> <span class='ocrx_word' id='word_1_134' title='bbox 1012 2324 1071 2376; x_wconf 87' lang='lat' dir='ltr'><strong>nnn</strong></span> <span class='ocrx_word' id='word_1_135' title='bbox 1094 2319 1127 2377; x_wconf 91' lang='lat' dir='ltr'><strong>iu</strong></span> <span class='ocrx_word' id='word_1_136' title='bbox 1152 2319 1266 2380; x_wconf 88' lang='lat' dir='ltr'><strong>sinum</strong></span> 
     </span>
     <span class='ocr_line' id='line_1_21' title="bbox 191 2407 1267 2502; baseline 0.008 -28"><span class='ocrx_word' id='word_1_137' title='bbox 191 2421 418 2498; x_wconf 82' lang='lat' dir='ltr'><strong>quoquetuum</strong></span> <span class='ocrx_word' id='word_1_138' title='bbox 430 2415 653 2499; x_wconf 80' lang='lat' dir='ltr'><strong>gemebundus</strong></span> <span class='ocrx_word' id='word_1_139' title='bbox 667 2416 841 2502; x_wconf 88' lang='lat' dir='ltr'><strong>deponere,</strong></span> <span class='ocrx_word' id='word_1_140' title='bbox 863 2424 954 2481; x_wconf 88' lang='lat' dir='ltr'><strong>ratus</strong></span> <span class='ocrx_word' id='word_1_141' title='bbox 972 2416 1116 2482; x_wconf 91' lang='lat' dir='ltr'><strong>dolorem</strong></span> <span class='ocrx_word' id='word_1_142' title='bbox 1133 2407 1267 2490; x_wconf 58' lang='lat' dir='ltr'><strong>&#39;huncce</strong></span> 
     </span>
    </p>
   </div>
   <div class='ocr_carea' id='block_1_15' title="bbox 68 2505 1264 2611">
    <p class='ocr_par' dir='ltr' id='par_1_15' title="bbox 68 2505 1264 2611">
     <span class='ocr_line' id='line_1_22' title="bbox 68 2505 1264 2611; baseline 0.008 -34"><span class='ocrx_word' id='word_1_143' title='bbox 68 2541 74 2558; x_wconf 65' lang='lat'><em>1</em></span> <span class='ocrx_word' id='word_1_144' title='bbox 191 2519 317 2584; x_wconf 85' lang='lat' dir='ltr'><strong>tantum</strong></span> <span class='ocrx_word' id='word_1_145' title='bbox 341 2537 467 2603; x_wconf 86' lang='lat' dir='ltr'><strong>quoque</strong></span> <span class='ocrx_word' id='word_1_146' title='bbox 490 2517 530 2583; x_wconf 87' lang='lat' dir='ltr'><strong>ad</strong></span> <span class='ocrx_word' id='word_1_147' title='bbox 542 2528 575 2583; x_wconf 87' lang='lat' dir='ltr'><strong>te</strong></span> <span class='ocrx_word' id='word_1_148' title='bbox 589 2505 770 2604; x_wconf 74' lang='lat' dir='ltr'><strong>pertinere,</strong></span> <span class='ocrx_word' id='word_1_149' title='bbox 785 2527 937 2604; x_wconf 86' lang='lat' dir='ltr'><strong>quantum</strong></span> <span class='ocrx_word' id='word_1_150' title='bbox 953 2529 1107 2611; x_wconf 81' lang='lat' dir='ltr'><strong>optasses</strong></span> <span class='ocrx_word' id='word_1_151' title='bbox 1124 2541 1264 2604; x_wconf 87' lang='lat' dir='ltr'><strong>mecum,</strong></span> 
     </span>
    </p>
   </div>
   <div class='ocr_carea' id='block_1_16' title="bbox 192 2621 1266 3123">
    <p class='ocr_par' dir='ltr' id='par_1_16' title="bbox 192 2621 1266 3123">
     <span class='ocr_line' id='line_1_23' title="bbox 192 2621 1266 2706; baseline 0.009 -25"><span class='ocrx_word' id='word_1_152' title='bbox 192 2623 230 2682; x_wconf 84' lang='lat' dir='ltr'><strong>tri</strong></span> <span class='ocrx_word' id='word_1_153' title='bbox 250 2637 308 2702; x_wconf 89' lang='lat' dir='ltr'><strong>ea,</strong></span> <span class='ocrx_word' id='word_1_154' title='bbox 337 2638 420 2705; x_wconf 88' lang='lat' dir='ltr'><strong>quae</strong></span> <span class='ocrx_word' id='word_1_155' title='bbox 451 2641 489 2687; x_wconf 86' lang='lat' dir='ltr'><strong>se</strong></span> <span class='ocrx_word' id='word_1_156' title='bbox 517 2627 605 2686; x_wconf 83' lang='lat' dir='ltr'><strong>vovit</strong></span> <span class='ocrx_word' id='word_1_157' title='bbox 634 2643 676 2687; x_wconf 86' lang='lat' dir='ltr'><strong>ex</strong></span> <span class='ocrx_word' id='word_1_158' title='bbox 700 2621 990 2699; x_wconf 84' lang='lat' dir='ltr'><strong>MarthaMariam</strong></span> <span class='ocrx_word' id='word_1_159' title='bbox 1018 2623 1108 2706; x_wconf 86' lang='lat' dir='ltr'><strong>fore,</strong></span> <span class='ocrx_word' id='word_1_160' title='bbox 1142 2623 1266 2690; x_wconf 85' lang='lat' dir='ltr'><strong>desum</strong></span> 
     </span>
     <span class='ocr_line' id='line_1_24' title="bbox 192 2721 1264 2814; baseline 0.007 -30"><span class='ocrx_word' id='word_1_161' title='bbox 192 2724 288 2785; x_wconf 87' lang='lat' dir='ltr'><strong>unice</strong></span> <span class='ocrx_word' id='word_1_162' title='bbox 310 2721 545 2808; x_wconf 84' lang='lat' dir='ltr'><strong>deperituram,</strong></span> <span class='ocrx_word' id='word_1_163' title='bbox 578 2726 670 2792; x_wconf 89' lang='lat' dir='ltr'><strong>nobis</strong></span> <span class='ocrx_word' id='word_1_164' title='bbox 699 2727 847 2790; x_wconf 83' lang='lat' dir='ltr'><strong>omnibus</strong></span> <span class='ocrx_word' id='word_1_165' title='bbox 876 2721 1048 2810; x_wconf 81' lang='lat' dir='ltr'><strong>superstes</strong></span> <span class='ocrx_word' id='word_1_166' title='bbox 1070 2733 1264 2814; x_wconf 86' lang='lat' dir='ltr'><strong>mansisset,</strong></span> 
     </span>
     <span class='ocr_line' id='line_1_25' title="bbox 194 2821 1265 2913; baseline 0.006 -27"><span class='ocrx_word' id='word_1_167' title='bbox 194 2821 376 2909; x_wconf 86' lang='lat' dir='ltr'><strong>exemplum</strong></span> <span class='ocrx_word' id='word_1_168' title='bbox 400 2835 432 2890; x_wconf 90' lang='lat' dir='ltr'><strong>et</strong></span> <span class='ocrx_word' id='word_1_169' title='bbox 454 2831 692 2892; x_wconf 82' lang='lat' dir='ltr'><strong>incitamentum</strong></span> <span class='ocrx_word' id='word_1_170' title='bbox 716 2826 1202 2913; x_wconf 42' lang='lat' dir='ltr'><strong>perficiendi,naricum-,annoso</strong></span> <span class='ocrx_word' id='word_1_171' title='bbox 1224 2835 1265 2893; x_wconf 84' lang='lat' dir='ltr'><strong>io</strong></span> 
     </span>
     <span class='ocr_line' id='line_1_26' title="bbox 194 2925 1262 3016; baseline 0.009 -29"><span class='ocrx_word' id='word_1_172' title='bbox 194 2942 303 2989; x_wconf 87' lang='lat' dir='ltr'><strong>amore</strong></span> <span class='ocrx_word' id='word_1_173' title='bbox 324 2925 410 2992; x_wconf 79' lang='lat' dir='ltr'><strong>Jesu</strong></span> <span class='ocrx_word' id='word_1_174' title='bbox 423 2927 557 3001; x_wconf 84' lang='lat' dir='ltr'><strong>Christi.</strong></span> <span class='ocrx_word' id='word_1_175' title='bbox 587 2927 620 2994; x_wconf 96' lang='lat' dir='ltr'><strong>ls</strong></span> <span class='ocrx_word' id='word_1_176' title='bbox 643 2939 706 3010; x_wconf 85' lang='lat' dir='ltr'><strong>est,</strong></span> <span class='ocrx_word' id='word_1_177' title='bbox 728 2935 782 3015; x_wconf 88' lang='lat' dir='ltr'><strong>qui</strong></span> <span class='ocrx_word' id='word_1_178' title='bbox 802 2928 962 3012; x_wconf 88' lang='lat' dir='ltr'><strong>lacrymas</strong></span> <span class='ocrx_word' id='word_1_179' title='bbox 979 2933 1262 3016; x_wconf 84' lang='lat' dir='ltr'><strong>abspcrsitmeas,</strong></span> 
     </span>
     <span class='ocr_line' id='line_1_27' title="bbox 192 3030 1266 3123; baseline 0.015 -36"><span class='ocrx_word' id='word_1_180' title='bbox 192 3042 319 3110; x_wconf 87' lang='lat' dir='ltr'><strong>easque</strong></span> <span class='ocrx_word' id='word_1_181' title='bbox 337 3039 467 3111; x_wconf 88' lang='lat' dir='ltr'><strong>praeter</strong></span> <span class='ocrx_word' id='word_1_182' title='bbox 484 3032 606 3123; x_wconf 86' lang='lat' dir='ltr'><strong>modum</strong></span> <span class='ocrx_word' id='word_1_183' title='bbox 620 3030 752 3096; x_wconf 84' lang='lat' dir='ltr'><strong>fundere</strong></span> <span class='ocrx_word' id='word_1_184' title='bbox 770 3035 942 3118; x_wconf 83' lang='lat' dir='ltr'><strong>prohibuit,</strong></span> <span class='ocrx_word' id='word_1_185' title='bbox 965 3055 1105 3118; x_wconf 88' lang='lat' dir='ltr'><strong>poscens</strong></span> <span class='ocrx_word' id='word_1_186' title='bbox 1120 3041 1266 3103; x_wconf 87' lang='lat' dir='ltr'><strong>animum</strong></span> 
     </span>
    </p>
   </div>
   <div class='ocr_carea' id='block_1_17' title="bbox 74 3131 1268 3230">
    <p class='ocr_par' dir='ltr' id='par_1_17' title="bbox 74 3131 1268 3230">
     <span class='ocr_line' id='line_1_28' title="bbox 74 3131 1268 3230; baseline 0.013 -41"><span class='ocrx_word' id='word_1_187' title='bbox 74 3189 77 3198; x_wconf 13' lang='grc' dir='ltr'><strong>ἡ</strong></span> <span class='ocrx_word' id='word_1_188' title='bbox 192 3131 225 3191; x_wconf 89' lang='lat' dir='ltr'><strong>lu</strong></span> <span class='ocrx_word' id='word_1_189' title='bbox 248 3147 286 3220; x_wconf 76' lang='lat' dir='ltr'><strong>se</strong></span> <span class='ocrx_word' id='word_1_190' title='bbox 308 3149 371 3195; x_wconf 88' lang='lat' dir='ltr'><strong>uno</strong></span> <span class='ocrx_word' id='word_1_191' title='bbox 394 3139 652 3218; x_wconf 84' lang='lat' dir='ltr'><strong>acquiescentem</strong></span> <span class='ocrx_word' id='word_1_192' title='bbox 675 3145 710 3198; x_wconf 85' lang='lat' dir='ltr'><strong>ct</strong></span> <span class='ocrx_word' id='word_1_193' title='bbox 732 3134 941 3220; x_wconf 86' lang='lat' dir='ltr'><strong>tranquillum</strong></span> <span class='ocrx_word' id='word_1_194' title='bbox 971 3143 1006 3200; x_wconf 92' lang='lat' dir='ltr'><strong>et·</strong></span> <span class='ocrx_word' id='word_1_195' title='bbox 1034 3149 1268 3230; x_wconf 80' lang='lat' dir='ltr'><strong>praeparatum</strong></span> 
     </span>
    </p>
   </div>
   <div class='ocr_carea' id='block_1_18' title="bbox 192 3227 1271 3432">
    <p class='ocr_par' dir='ltr' id='par_1_18' title="bbox 192 3227 1271 3432">
     <span class='ocr_line' id='line_1_29' title="bbox 192 3227 1270 3330; baseline 0.015 -37"><span class='ocrx_word' id='word_1_196' title='bbox 192 3238 341 3328; x_wconf 81' lang='lat' dir='ltr'><strong>metuere</strong></span> <span class='ocrx_word' id='word_1_197' title='bbox 363 3237 529 3319; x_wconf 88' lang='lat' dir='ltr'><strong>secundis,</strong></span> <span class='ocrx_word' id='word_1_198' title='bbox 564 3259 699 3324; x_wconf 83' lang='lat' dir='ltr'><strong>sperare</strong></span> <span class='ocrx_word' id='word_1_199' title='bbox 723 3235 891 3330; x_wconf 86' lang='lat' dir='ltr'><strong>adversis.¹</strong></span> <span class='ocrx_word' id='word_1_200' title='bbox 934 3227 1008 3304; x_wconf 73' lang='lat' dir='ltr'><strong>dunt</strong></span> <span class='ocrx_word' id='word_1_201' title='bbox 1038 3252 1143 3308; x_wconf 85' lang='lat' dir='ltr'><strong>maier.</strong></span> <span class='ocrx_word' id='word_1_202' title='bbox 1167 3245 1270 3309; x_wconf 78' lang='lat' dir='ltr'><strong>licata</strong></span> 
     </span>
     <span class='ocr_line' id='line_1_30' title="bbox 196 3331 1271 3432; baseline 0.017 -38"><span class='ocrx_word' id='word_1_203' title='bbox 196 3331 300 3397; x_wconf 87' lang='lat' dir='ltr'><strong>adhuc</strong></span> <span class='ocrx_word' id='word_1_204' title='bbox 327 3342 421 3402; x_wconf 92' lang='lat' dir='ltr'><strong>unica</strong></span> <span class='ocrx_word' id='word_1_205' title='bbox 450 3360 561 3422; x_wconf 88' lang='lat' dir='ltr'><strong>soror,</strong></span> <span class='ocrx_word' id='word_1_206' title='bbox 591 3350 664 3426; x_wconf 89' lang='lat' dir='ltr'><strong>pust</strong></span> <span class='ocrx_word' id='word_1_207' title='bbox 693 3341 863 3406; x_wconf 82' lang='lat' dir='ltr'><strong>defunctas</strong></span> <span class='ocrx_word' id='word_1_208' title='bbox 891 3337 1048 3432; x_wconf 79' lang='lat' dir='ltr'><strong>conjuges</strong></span> <span class='ocrx_word' id='word_1_209' title='bbox 1071 3344 1271 3413; x_wconf 85' lang='lat' dir='ltr'><strong>Schmidiini</strong></span> 
     </span>
    </p>
   </div>
   <div class='ocr_carea' id='block_1_19' title="bbox 81 3433 1272 3534">
    <p class='ocr_par' dir='ltr' id='par_1_19' title="bbox 81 3433 1272 3534">
     <span class='ocr_line' id='line_1_31' title="bbox 81 3433 1272 3534; baseline 0.015 -34"><span class='ocrx_word' id='word_1_210' title='bbox 81 3490 119 3534; x_wconf 33' lang='grc' dir='ltr'><strong>Ι,</strong></span> <span class='ocrx_word' id='word_1_211' title='bbox 196 3442 231 3501; x_wconf 80' lang='lat' dir='ltr'><strong>et</strong></span> <span class='ocrx_word' id='word_1_212' title='bbox 260 3433 436 3506; x_wconf 80' lang='lat' dir='ltr'><strong>camerarii</strong></span> <span class='ocrx_word' id='word_1_213' title='bbox 466 3444 631 3516; x_wconf 69' lang='lat' dir='ltr'><strong>hactenns,</strong></span> <span class='ocrx_word' id='word_1_214' title='bbox 652 3456 832 3530; x_wconf 89' lang='lat' dir='ltr'><strong>superstes.</strong></span> <span class='ocrx_word' id='word_1_215' title='bbox 884 3445 1004 3510; x_wconf 89' lang='lat' dir='ltr'><strong>llabuit</strong></span> <span class='ocrx_word' id='word_1_216' title='bbox 1032 3447 1091 3512; x_wconf 91' lang='lat' dir='ltr'><strong>illa</strong></span> <span class='ocrx_word' id='word_1_217' title='bbox 1122 3454 1272 3520; x_wconf 83' lang='lat' dir='ltr'><strong>uirtutes</strong></span> 
     </span>
    </p>
   </div>
   <div class='ocr_carea' id='block_1_20' title="bbox 193 3531 1275 4141">
    <p class='ocr_par' dir='ltr' id='par_1_20' title="bbox 193 3531 1275 4141">
     <span class='ocr_line' id='line_1_32' title="bbox 197 3531 1274 3629; baseline 0.017 -25"><span class='ocrx_word' id='word_1_218' title='bbox 197 3531 362 3623; x_wconf 85' lang='lat' dir='ltr'><strong>sororias,</strong></span> <span class='ocrx_word' id='word_1_219' title='bbox 395 3554 429 3608; x_wconf 88' lang='lat' dir='ltr'><strong>at</strong></span> <span class='ocrx_word' id='word_1_220' title='bbox 456 3566 549 3629; x_wconf 80' lang='lat' dir='ltr'><strong>qinom</strong></span> <span class='ocrx_word' id='word_1_221' title='bbox 581 3546 638 3611; x_wconf 90' lang='lat' dir='ltr'><strong>illa</strong></span> <span class='ocrx_word' id='word_1_222' title='bbox 670 3537 807 3615; x_wconf 86' lang='lat' dir='ltr'><strong>indoluit</strong></span> <span class='ocrx_word' id='word_1_223' title='bbox 836 3549 887 3616; x_wconf 87' lang='lat' dir='ltr'><strong>lnis</strong></span> <span class='ocrx_word' id='word_1_224' title='bbox 908 3569 946 3618; x_wconf 86' lang='lat' dir='ltr'><strong>se</strong></span> <span class='ocrx_word' id='word_1_225' title='bbox 968 3558 1187 3620; x_wconf 83' lang='lat' dir='ltr'><strong>oeconomicis</strong></span> <span class='ocrx_word' id='word_1_226' title='bbox 1211 3559 1274 3622; x_wconf 85' lang='lat' dir='ltr'><strong>ob-</strong></span> 
     </span>
     <span class='ocr_line' id='line_1_33' title="bbox 193 3641 1274 3739; baseline 0.019 -33"><span class='ocrx_word' id='word_1_227' title='bbox 193 3641 314 3725; x_wconf 87' lang='lat' dir='ltr'><strong>jectam</strong></span> <span class='ocrx_word' id='word_1_228' title='bbox 337 3649 585 3716; x_wconf 85' lang='lat' dir='ltr'><strong>circumstantiis</strong></span> <span class='ocrx_word' id='word_1_229' title='bbox 609 3661 641 3716; x_wconf 88' lang='lat' dir='ltr'><strong>et</strong></span> <span class='ocrx_word' id='word_1_230' title='bbox 662 3653 865 3736; x_wconf 89' lang='lat' dir='ltr'><strong>impeditam,</strong></span> <span class='ocrx_word' id='word_1_231' title='bbox 897 3673 958 3739; x_wconf 88' lang='lat' dir='ltr'><strong>quo</strong></span> <span class='ocrx_word' id='word_1_232' title='bbox 991 3655 1166 3720; x_wconf 80' lang='lat' dir='ltr'><strong>minusad</strong></span> <span class='ocrx_word' id='word_1_233' title='bbox 1201 3681 1274 3726; x_wconf 86' lang='lat' dir='ltr'><strong>am-</strong></span> 
     </span>
     <span class='ocr_line' id='line_1_34' title="bbox 198 3741 1272 3839; baseline 0.019 -31"><span class='ocrx_word' id='word_1_234' title='bbox 198 3744 334 3830; x_wconf 81' lang='lat' dir='ltr'><strong>pliorem</strong></span> <span class='ocrx_word' id='word_1_235' title='bbox 346 3747 429 3815; x_wconf 74' lang='lat' dir='ltr'><strong>·leso</strong></span> <span class='ocrx_word' id='word_1_236' title='bbox 443 3751 565 3826; x_wconf 85' lang='lat' dir='ltr'><strong>Christi</strong></span> <span class='ocrx_word' id='word_1_237' title='bbox 578 3761 663 3832; x_wconf 79' lang='lat' dir='ltr'><strong>ritae</strong></span> <span class='ocrx_word' id='word_1_238' title='bbox 680 3741 894 3839; x_wconf 81' lang='lat' dir='ltr'><strong>cognitionem</strong></span> <span class='ocrx_word' id='word_1_239' title='bbox 912 3777 950 3821; x_wconf 85' lang='lat' dir='ltr'><strong>cx</strong></span> <span class='ocrx_word' id='word_1_240' title='bbox 964 3761 1050 3822; x_wconf 27' lang='lat' dir='ltr'><strong>curris</strong></span> <span class='ocrx_word' id='word_1_241' title='bbox 1075 3759 1272 3829; x_wconf 87' lang='lat' dir='ltr'><strong>domesticis</strong></span> 
     </span>
     <span class='ocr_line' id='line_1_35' title="bbox 199 3841 1272 3950; baseline 0.019 -39"><span class='ocrx_word' id='word_1_242' title='bbox 199 3841 387 3938; x_wconf 48' lang='lat' dir='ltr'><strong>emerserit,</strong></span> <span class='ocrx_word' id='word_1_243' title='bbox 426 3853 470 3918; x_wconf 80' lang='lat' dir='ltr'><strong>At</strong></span> <span class='ocrx_word' id='word_1_244' title='bbox 491 3875 607 3940; x_wconf 82' lang='lat' dir='ltr'><strong>magna</strong></span> <span class='ocrx_word' id='word_1_245' title='bbox 628 3875 683 3922; x_wconf 87' lang='lat' dir='ltr'><strong>me</strong></span> <span class='ocrx_word' id='word_1_246' title='bbox 701 3879 778 3941; x_wconf 91' lang='lat' dir='ltr'><strong>spes</strong></span> <span class='ocrx_word' id='word_1_247' title='bbox 796 3867 908 3941; x_wconf 86' lang='lat' dir='ltr'><strong>tenet,</strong></span> <span class='ocrx_word' id='word_1_248' title='bbox 939 3859 1062 3944; x_wconf 73' lang='lat' dir='ltr'><strong>«Iesus,</strong></span> <span class='ocrx_word' id='word_1_249' title='bbox 1086 3883 1146 3948; x_wconf 91' lang='lat' dir='ltr'><strong>per</strong></span> <span class='ocrx_word' id='word_1_250' title='bbox 1167 3885 1272 3950; x_wconf 85' lang='lat' dir='ltr'><strong>qrtem</strong></span> 
     </span>
     <span class='ocr_line' id='line_1_36' title="bbox 199 3949 1274 4054; baseline 0.021 -43"><span class='ocrx_word' id='word_1_251' title='bbox 199 3956 249 4012; x_wconf 88' lang='lat' dir='ltr'><strong>tot</strong></span> <span class='ocrx_word' id='word_1_252' title='bbox 260 3949 387 4017; x_wconf 85' lang='lat' dir='ltr'><strong>dolores</strong></span> <span class='ocrx_word' id='word_1_253' title='bbox 401 3959 568 4034; x_wconf 84' lang='lat' dir='ltr'><strong>sustinuit,</strong></span> <span class='ocrx_word' id='word_1_254' title='bbox 590 3964 639 4020; x_wconf 89' lang='lat' dir='ltr'><strong>tot</strong></span> <span class='ocrx_word' id='word_1_255' title='bbox 657 3959 824 4025; x_wconf 90' lang='lat' dir='ltr'><strong>molestias</strong></span> <span class='ocrx_word' id='word_1_256' title='bbox 843 3966 934 4045; x_wconf 87' lang='lat' dir='ltr'><strong>vicit,</strong></span> <span class='ocrx_word' id='word_1_257' title='bbox 949 3960 1119 4054; x_wconf 65' lang='lat' dir='ltr'><strong>cuiqne&#39;se</strong></span> <span class='ocrx_word' id='word_1_258' title='bbox 1132 3975 1274 4052; x_wconf 82' lang='lat' dir='ltr'><strong>penitus</strong></span> 
     </span>
     <span class='ocr_line' id='line_1_37' title="bbox 198 4051 1275 4141; baseline 0.022 -28"><span class='ocrx_word' id='word_1_259' title='bbox 198 4051 348 4134; x_wconf 70' lang='lat' dir='ltr'><strong>tradidit,</strong></span> <span class='ocrx_word' id='word_1_260' title='bbox 372 4061 404 4120; x_wconf 87' lang='lat' dir='ltr'><strong>si</strong></span> <span class='ocrx_word' id='word_1_261' title='bbox 424 4077 486 4121; x_wconf 93' lang='lat' dir='ltr'><strong>non</strong></span> <span class='ocrx_word' id='word_1_262' title='bbox 508 4055 747 4141; x_wconf 83' lang='lat' dir='ltr'><strong>beatissimam,</strong></span> <span class='ocrx_word' id='word_1_263' title='bbox 771 4061 896 4130; x_wconf 80' lang='lat' dir='ltr'><strong>beatam</strong></span> <span class='ocrx_word' id='word_1_264' title='bbox 917 4074 1024 4131; x_wconf 84' lang='lat' dir='ltr'><strong>tameo</strong></span> <span class='ocrx_word' id='word_1_265' title='bbox 1046 4067 1135 4134; x_wconf 82' lang='lat' dir='ltr'><strong>illam</strong></span> <span class='ocrx_word' id='word_1_266' title='bbox 1157 4072 1275 4137; x_wconf 83' lang='lat' dir='ltr'><strong>reddi-</strong></span> 
     </span>
    </p>
   </div>
   <div class='ocr_carea' id='block_1_21' title="bbox 0 0 1340 4420">
    <p class='ocr_par' dir='ltr' id='par_1_21' title="bbox 0 0 1340 4420">
     <span class='ocr_line' id='line_1_38' title="bbox 0 0 1340 4420; baseline 0 0"><span class='ocrx_word' id='word_1_267' title='bbox 0 0 1340 4420; x_wconf 95' lang='lat' dir='ltr'><strong> </strong></span> 
     </span>
    </p>
   </div>
  </div>
 </body>
</html>
